@article{ZHANG2011206,
author = {Bing Zhang},
title = {{Open questions in GRB physics}},
journal = {Comptes Rendus Physique},
volume = {12},
number = {3},
pages = {206--225},
year = {2011},
doi = "https://doi.org/10.1016/j.crhy.2011.03.004",
url = {http://www.sciencedirect.com/science/article/pii/S1631070511000703}
}

@article{KUMAR20151,
title = {{The physics of gamma-ray bursts \& relativistic jets}},
journal = {Physics Reports},
volume = {561},
pages = {1-109},
year = {2015},
doi = {https://doi.org/10.1016/j.physrep.2014.09.008},
url = {http://www.sciencedirect.com/science/article/pii/S0370157314003846},
author = {Pawan Kumar and Bing Zhang}
}

@article{Beloborodov2017,
author = {A. M. Beloborodov and P. M{\'e}sz{\'a}ros},
title = {Photospheric Emission of Gamma-Ray Bursts},
journal={Space Science Reviews},
year={2017},
month={Jul},
day={01},
volume={207},
number={1},
pages={87--110}
}

@article{Lyutikov2003,
author = {M. Lyutikov and V. I. Pariev and R. D. Blandford},
title = {{Polarization of Prompt Gamma-Ray Burst Emission: Evidence for Electromagnetically Dominated Outflow}},
journal={The Astrophysical Journal},
volume={597},
number={2},
pages={998},
url={http://stacks.iop.org/0004-637X/597/i=2/a=998},
year={2003}
}

@article{Chauvin2013,
author = {M. Chauvin and J. P. Roques and D. J. Clark and E. Jourdain},
title = {{P}olarimetry in the {H}ard {X}-{R}ay {D}omain with {INTEGRAL SPI}},
journal = {The Astrophysical Journal},
volume = {769},
number = {2},
pages = {137--144},
year = {2013},
url={http://stacks.iop.org/0004-637X/769/i=2/a=137}
}

@article{Willis2005,
author = {D. R. Willis and E. J. Barlow and A. J. Bird and others},
title = {{Evidence of polarisation in the prompt gamma-ray emission from GRB 930131 and GRB 960924
}},
journal = {{Astronomy \& Astrophysics}},
volume = {439},
pages = {245--253},
year = {2005}
}

@misc{EJ248M,
title = {\url{http://www.eljentechnology.com/products/plastic-scintillators/ej-244-ej-248-ej-244m-ej-248m}},
note = {[Online; accessed 08-November-2017]}
}

@misc{3M,
title = {\url{http://www.apioptics.com/pdf/ESR.pdf}},
note = {[Online; accessed 08-November-2017]}
}

@misc{IDEAS,
title = {{IDEAS VA64MaPMT} {D}ocumentation v0.6 \url{http://ideas.no}},
note = "[Available upon request]"
}

@article{Rybka,
author = {Dominik Rybka and Wojtek Hajdas and Ilia Britvitch and others},
title = {{Realisation of Events Trigger System for space-borne Gamma-Ray Burst Polarimeter, POLAR}},
journal = {ICRC conference proceedings},
year = {2013}
}

@article{Laurent2009,
author = {Diego G{\"{o}}tz and Philippe Laurent and Fran{\c{c}}ois Lebrun and others},
title = {{Variable Polarization Measured in the Prompt Emission of GRB 041219A Using IBIS on Board INTEGRAL}},
journal={The Astrophysical Journal Letters},
volume={695},
number={2},
pages={L208},
year = {2009},
url={http://stacks.iop.org/1538-4357/695/i=2/a=L208}
}

@article{Coburn2003,
title = {{Polarization of the prompt $\gamma$-ray emission from the $\gamma$-ray burst of 6 December 2002}},
author = {Wayne Coburn and Steven E. Boggs},
journal = {Nature},
volume = {423},
pages = {415--417},
year = {2003}
}

@article{Rutledge2004,
author = {Robert E. Rutledge and Derek B. Fox},
doi = {10.1111/j.1365-2966.2004.07665.x},
pages = {1288--1300},
title = {{Re-analysis of polarization in the $\gamma$ -ray flux of GRB 021206}},
journal = {Monthly Notices of the Royal Astronomical Society},
volume = {350},
number = {4},
year = {2004}
}

@article{Yonetoku2011,
author = {Daisuke Yonetoku and Toshio Murakami and Shuichi Gunji and others},
title = {{Detection of Gamma-Ray Polarization in Prompt Emission of GRB 100826A}},
journal = {The Astrophysical Journal Letters},
volume = {743},
number = {2},
pages = {L30},
year = {2011},
url={http://stacks.iop.org/2041-8205/743/i=2/a=L30}
}

@article{Yonetoku2012,
author = {Daisuke Yonetoku and Toshio Murakami and Shuichi Gunji and others},
title = {{Magnetic Structures in Gamma-Ray Burst Jets Probed by Gamma-Ray Polarization}},
Journal = {The Astrophysical Journal Letters},
volume = {758},
number = {1},
pages = {L1},
year = {2012},
url={http://stacks.iop.org/2041-8205/758/i=1/a=L1}
}

@article{PRODUIT2005616,
author = {N. Produit and F. Barao and S. Deluit and others},
journal = {Nuclear Instruments and Methods in Physics Research Section A},
number = {3},
pages = {616--625},
title = {{POLAR, a compact detector for gamma-ray bursts photon polarization measurements}},
url = {http://www.sciencedirect.com/science/article/pii/S0168900205012891},
volume = {550},
year = {2005}
}

@article{Produit2017,
author = {N. Produit and T.W. Bao and T. Batsch and others},
title = {{Design and construction of the POLAR detector}},
journal = {Nuclear Instruments and Methods in Physics Research Section A},
volume = {877},
pages = {259--268},
year = {2018}
}

@article{Xiong2009,
author = {Shaolin Xiong and Nicolas Produit and Bobing Wu},
title = {{Expected performance of a hard X-ray polarimeter (POLAR) by Monte Carlo simulation}},
journal = {Nuclear Instruments and Methods in Physics Research, Section A},
volume = {606},
number = {3},
pages = {552--559},
year = {2009}
}

@article{Kole2017,
author = {M. Kole and Z.H. Li and N. Produit and others},
title = {{Instrument performance and simulation verification of the POLAR detector}},
journal = {Nuclear Instruments and Methods in Physics Research, Section A},
volume = {872},
pages = {28--40},
year = {2017},
url ={http://www.sciencedirect.com/science/article/pii/S0168900217308458}
}

@article{Xiao2016,
author = {Hualin Xiao and Wojtek Hajdas and Bobing Wu and others},
title = {{A crosstalk and non-uniformity correction method for the space-borne Compton polarimeter POLAR}},
journal = {Astroparticle Physics},
volume = {83},
pages = {6--12},
year = {2016},
url = {http://www.sciencedirect.com/science/article/pii/S092765051630086X}
}

@misc{Xiao2017,
author = {Hualin Xiao and Wojtek Hajdas and Bobing Wu and others},
title = {{In-flight energy calibration of the space-borne Compton polarimeter POLAR}},
archivePrefix = {arXiv},
arxivId = {1710.08918},
eprint = {1710.08918},
url = {http://arxiv.org/abs/1710.08918},
note = {arXiv:1710.08918}
}

@article{Zhang2018,
author = {X.F. Zhang and W. Hajdas and H.L. Xiao and others},
title = {{Optimization of the gain factors and parameter settings for the new gamma-ray burst polarimeter, POLAR}},
journal = {Nuclear Instruments and Methods in Physics Research, Section A},
volume = {879},
pages = {47--56},
year = {2018},
url = {http://www.sciencedirect.com/science/article/pii/S0168900217310495}
}

@article{Xiong2017,
author = {Shaolin Xiong and Yuanhao Wang and Zhengheng Li and others},
title = {{Overview of the GRB observation by POLAR}},
journal = {ICRC conference proceedings},
year = {2017}
}

@article{Hancheng2017,
author = {Hancheng Li and Mingyu Ge and Bobing Wu},
title = {{POLAR measurements of the Crab pulsar}},
journal = {ICRC conference proceedings},
year = {2017}
}

